% Encoding: UTF-8
 



@book{Tolkien:1981,
	Annote = { published by ,.},
	Author = {J. R. R. Tolkien},
	Date-Added = {2016-04-04 21:54:26 +0000},
	Date-Modified = {2016-04-04 21:56:09 +0000},
	Editor = {Humphrey Carpenter},
	Publisher = {Houghton Mifflin},
	Title = {The Letters of J. R. R. Tolkien},
	Year = {1981}}

@incollection{Bullinger:1851,
	Author = {Henry Bullinger},
	Booktitle = {Decades of Henry Bullinger, translated by H.I.},
	Date-Added = {2016-04-04 21:11:15 +0000},
	Date-Modified = {2016-04-04 21:23:36 +0000},
	Publisher = {Cambridge: University Press},
	Title = {`Of The Holy Ghost: The Eighth Sermon' in `The Other Eight Sermons of the Fourth Decade'},
	Volume = {4},
	Year = {1851}}

@incollection{Baxter:1830,
	Author = {Richard Baxter},
	Booktitle = {The Practical Works of Richard Baxter},
	Date-Added = {2016-04-04 20:53:27 +0000},
	Date-Modified = {2016-04-04 21:20:58 +0000},
	Publisher = {Paternoster, London},
	Title = {The Catechising of Families},
	Volume = {19},
	Year = {1830}}

@incollection{Brooks:1866,
	Author = {Thomas Brooks},
	Booktitle = {The Complete Works of Thomas Brooks},
	Date = {1866},
	Date-Added = {2016-02-13 01:39:10 +0000},
	Date-Modified = {2016-02-17 20:12:33 +0000},
	Editor = {Alexander Balloch Grosart},
	Location = {Edinburgh},
	Publisher = {James Nichol},
	Title = {The Mute Christian Under the Smarting Rod},
	Volume = {I}}

@incollection{Brooks:1866a,
	Author = {Thomas Brooks},
	Booktitle = {The Complete Works of Thomas Brooks},
	Date = {1866},
	Date-Added = {2016-02-17 20:31:33 +0000},
	Date-Modified = {2016-02-17 20:32:56 +0000},
	Editor = {Rev. Alexander Balloch Grosart},
	Location = {Edinburgh},
	Publisher = {James Nichol},
	Title = {Christ's Eternal Deity Proved},
	Volume = {V}}

@book{Calvin:1960,
	Author = {John Calvin},
	Date = {1960},
	Date-Added = {2016-02-13 01:19:38 +0000},
	Date-Modified = {2016-02-16 00:15:08 +0000},
	Location = {Philadelphia, PA},
	Publisher = {Library of Christian Classics, Philadelphia, Westminster},
	Title = {Institutes of the Christian Religion: Battles Translation (Edited by John T. McNeill)}}

@book{DeYoung:2010,
	Annotation = {ISBN-13: 978-0802458407},
	Author = {Kevin DeYoung},
	Date = {2010},
	Date-Added = {2016-02-18 13:26:06 +0000},
	Date-Modified = {2016-02-18 13:28:09 +0000},
	Publisher = {Moody Publishers},
	Title = {The Good News We Almost Forgot: Rediscovering the Gospel in a 16\textsuperscript{th} Century Catechism}}

@book{Gary-Parrett:2010,
	Annotation = {ISBN-13: 978-0801068386},
	Author = {Gary Parrett and J.I. Packer},
	Date-Added = {2016-02-18 13:46:44 +0000},
	Date-Modified = {2016-04-04 22:23:51 +0000},
	Publisher = {Baker Books},
	Title = {Grounded in the Gospel: Building Believers the Old-Fashioned Way}}

@book{Packer:2001,
	Annotation = {0842339604 9780842339605},
	Author = {J.I. Packer},
	Date = {2001},
	Date-Added = {2016-02-17 20:23:58 +0000},
	Date-Modified = {2016-02-17 20:27:11 +0000},
	Publisher = {Tyndale House},
	Title = {Concise Theology: A Guide to Historic Christian Beliefs}}

@book{Torrance:1996,
	Annotation = {ISBN-13: 978-1579100209},
	Author = {Thomas F. Torrance},
	Date-Added = {2016-02-18 13:36:26 +0000},
	Date-Modified = {2016-04-04 21:57:24 +0000},
	Publisher = {Wipf \& Stock Pub},
	Title = {The School of Faith, Catechisms of the Reformed Church}}

@book{Watson:1957,
	Author = {Thomas Watson},
	Date-Added = {2016-02-18 13:33:25 +0000},
	Date-Modified = {2016-04-04 21:57:09 +0000},
	Publisher = {Banner of Truth},
	Title = {A Body Of (Practical) Divinity},
	Year = {1957}}

@incollection{Wesley:1831,
	Author = {John Wesley},
	Booktitle = {The Works of the Reverend John Wesley},
	Date = {1831},
	Date-Added = {2016-02-17 20:43:40 +0000},
	Date-Modified = {2016-02-17 20:52:53 +0000},
	Location = {New York},
	Publisher = {J. Emory \& B. Waugh},
	Title = {Forms of Prayer: {Thursday} Morning},
	Volume = {6}}

@Comment{jabref-meta: databaseType:bibtex;}
